@inproceedings{jcoffee20,
    title={JCoffee: Using Compiler Feedback to Make Partial Code Snippets Compilable},
    author={Piyush Gupta and Nikita Mehrotra and Rahul Purandare},
    year={2020},
    booktitle={2020 IEEE International Conference on Software Maintenance and Evolution (ICME)}
}
@inproceedings{dagenais08,
    title={Enabling Static Analysis for Partial Java Programs},
    author={Barthelemy Dagenais and Laurie Hendren},
    year={2008},
    booktitle={Proceedings of the 23rd ACM SIGPLAN conference on Object Oriented Programming Systems Languages and Applications}
}